2293 3856
261 135 374 213 De
395 133 833 212 Commercio
863 131 1332 213 &Mercatura
1358 134 1689 221 Discursus
1723 146 1923 228 XIV.
2033 189 2090 251 5¹

139 251 176 283 61
196 245 317 282 DecoHi
340 267 350 282 ,
365 243 568 291 velproxime}
582 243 733 278 decobluri
753 242 887 288 confeffio
909 242 1083 293 nonprobat

220 292 468 340 inpraejudicium
479 293 591 335 Tertii.

135 349 176 378 62
198 345 322 379 Linerae
346 346 372 376 C
375 339 469 385 ambij
493 365 504 380 ,
531 352 564 374 ut
573 339 703 389 probent
723 340 879 374 creditum
889 344 920 375 in
935 343 1080 385 concursu

216 391 419 426 Creditorum
429 416 439 430 ,
453 402 495 426 an
504 388 615 424 debeat
619 390 748 437 probari
759 398 886 437 tempus,
898 390 1078 438 quosuerim

204 442 337 490 scriptae.

277 532 734 578 DiscuRsUS
792 536 937 584 XIV.

280 636 345 668 Um
374 629 575 667 Creditores
600 630 772 666 Abraham
786 655 796 668 ‚
811 630 978 678 &Moysis
1000 628 1072 663 Ne·-

124 693 140 721 1
170 630 262 729 C
277 680 492 727 gociatorum
516 680 551 714 in
574 681 676 715 Portu
697 679 835 714 Liburni
858 678 1006 714 fecerint
1026 675 1071 713 ad

166 741 320 764 normam
333 728 457 764 Statuti
471 753 480 767 ‚
492 728 534 763 de
549 740 616 775 quo
627 729 756 776 pluries
772 728 888 762 habita
900 727 963 779 fui—t
977 736 1070 759 men-

166 778 238 816 tio,
250 781 281 812 &
293 778 470 825 praesertim
481 777 517 811 in
533 775 867 824 Disc.XI.quoddam
879 776 1068 830 Defalcum,

164 826 221 860 seu
233 827 494 861 diminutionem
504 825 641 861 illorum
654 824 798 862 crediti,
809 834 917 871 coepit
926 832 1071 876 praeten-

162 874 244 908 dere
260 874 414 910 Marchio
427 874 470 909 de
484 874 661 916 Bisafficrs,
673 873 768 921 quod
781 872 868 907 illius
884 873 1068 930 creditum,

161 923 284 969 utpote
306 922 512 958 destinatum
533 926 752 958 Armamento
776 921 883 956 Maris
904 921 1066 974 adversus

160 971 306 1012 Tureas,
318 972 464 1006 immune
482 971 572 1006 foret
588 973 631 1006 ab
643 971 763 1006 eadem
776 972 963 1005 Statutaria
986 972 1066 1004 San-

111 1032 130 1056 2
161 1019 273 1056 ctione
284 1034 291 1057 ς
301 1020 358 1055 sed
370 1021 444 1055 cum
458 1021 512 1055 bis
521 1020 626 1054 fuerit
637 1020 821 1071 judicatum
834 1029 955 1072 contra
968 1022 1066 1053 Mar·

158 1069 337 1110 ebionem,
360 1073 391 1103 &
414 1070 591 1104 occafione
605 1067 823 1104 examinandi
848 1067 1064 1120 validitatem

155 1118 349 1153 earumdem
362 1117 601 1153 sententiarum
617 1129 679 1164 pro
691 1126 789 1163 parte
807 1118 855 1150 M.
869 1118 978 1151 Ducis
993 1118 1063 1149 He-

153 1167 266 1201 truriae
280 1167 464 1211 injunRum
478 1165 646 1201 fuerituni
664 1178 705 1200 ex
726 1164 951 1200 Auditoribus
962 1166 1062 1218 Rotae

150 1214 366 1255 Florentinae,
380 1225 417 1250 ut
428 1213 736 1260 extrajudicialiter
754 1212 894 1248 referret
906 1213 1060 1260 ejusopi-

151 1263 291 1299 nionem
304 1290 313 1305 ,
326 1264 396 1298 tam
411 1263 501 1298 circa
514 1263 727 1297 validitatem
743 1261 975 1309 praedifiarum
987 1262 1059 1297 sen-

150 1314 334 1347 tentiarum
345 1337 355 1350 ‚
369 1312 470 1358 quam
488 1311 578 1346 citca
591 1310 763 1357 Justitiam
775 1311 996 1349 meritorum,
1006 1323 1060 1345 re-

150 1359 232 1394 tulit
244 1361 356 1406 Judex
376 1383 385 1396 ,
411 1357 515 1404 ipsum
536 1358 728 1394 existimare
746 1382 756 1396 ,
779 1358 872 1405 quod
885 1359 1058 1394 sententiae

148 1417 218 1443 non
231 1407 547 1455 pollentobjurgari
559 1407 602 1442 de
617 1408 773 1442 nullitate
786 1431 796 1444 ‚
810 1408 906 1452 juxta
920 1419 970 1449 ea,
983 1420 1056 1463 quae

144 1454 218 1502 Ego
236 1457 368 1492 seorfim
382 1455 528 1490 scribens
543 1455 749 1490 firmaveram
763 1481 771 1494 ,
792 1459 823 1490 &
839 1456 1004 1510 habentur
1019 1469 1054 1492 in

143 1506 231 1550 Difi.
246 1504 369 1553 fhbseq.
391 1503 449 1538 sub
472 1516 540 1551 quo
564 1505 778 1540 resolvuntur
799 1505 1056 1542 Dubitationes

142 1563 204 1599 per
228 1554 371 1590 eundem
389 1551 548 1598 Judicem
569 1554 726 1588 excitatae
746 1567 754 1592 ς
778 1554 844 1589 Sed
869 1564 947 1589 cum
970 1563 1051 1590 tunc

142 1602 216 1648 Ego
229 1615 296 1638 non
317 1600 504 1647 scripserim
526 1599 622 1649 super
643 1603 770 1649 ριιηᾶο
782 1603 983 1638 meritorum
995 1629 1002 1642 ,
1019 1604 1055 1640 in

143 1648 210 1684 hoc
227 1651 340 1696 Judex
357 1649 569 1685 referendum
592 1651 719 1686 censuit
737 1676 746 1691 ‚
767 1652 936 1686 creditum
958 1654 1054 1687 Mar-

143 1698 276 1734 chionis
291 1711 357 1734 non
375 1698 617 1745 comprehendi
634 1699 690 1734 sub
706 1703 844 1735 Statuto
858 1723 868 1737 ,
882 1713 924 1734 ex
935 1701 1054 1747 praeci-

141 1752 218 1781 tato
234 1748 365 1782 motivo
379 1746 620 1783 destinationis
635 1748 670 1783 in
694 1748 822 1783 causam
846 1748 938 1781 Piam
951 1773 962 1788 ,
986 1749 1052 1784 five

138 1795 398 1830 Armamentum
411 1805 533 1830 contra
545 1795 1050 1847 Othomanicos.Q1amobrem

138 1845 216 1878 cum
228 1843 458 1879 fundamentis
472 1843 513 1878 ab
525 1842 653 1877 eodem
678 1842 798 1888 Judice
807 1841 963 1877 deduetis
986 1842 1050 1878 de-

138 1893 339 1928 mandatum
354 1891 438 1926 mihi
448 1889 551 1925 fuerit
561 1890 767 1937 respondere
776 1915 787 1929 ,
797 1890 903 1925 etiarn
912 1890 948 1925 in
960 1890 1050 1926 sensu

139 1938 310 1976 Veritatis
324 1939 484 1975 annotavi
499 1938 681 1985 sequentia.
737 1985 744 1991 .
995 1984 1002 1992 ·

188 1988 287 2024 Citra
300 1989 530 2023 neceffitatem
554 1985 743 2021 trutinandi
758 1986 972 2032 quamplures
991 1997 1047 2021 in-

137 2035 328 2082 speffiones
360 2035 544 2069 elaborato
556 2035 698 2069 Calamo
711 2034 903 2081 dispunctas
926 2035 962 2069 in
981 2046 1044 2070 no⁴

137 2084 260 2118 viffima
281 2083 466 2118 Relatione
483 2107 493 2120 ,
505 2081 733 2118 existimarem
747 2107 757 2123 ,
779 2082 873 2130 quod
891 2095 961 2118 non
971 2085 1045 2119 leve

136 2131 299 2180 hucusque
319 2131 528 2180 aequivocum
546 2131 718 2178 irrepserit
738 2132 946 2178 accipiendo
972 2157 982 2171 ‚
1004 2143 1045 2168 ut

80 2213 89 2217 r
136 2181 206 2216 dici
222 2181 306 2216 solet
325 2205 337 2218 ‚
351 2184 402 2229 qni
418 2204 429 2218 ,
442 2191 505 2227 pro
515 2193 572 2227 quo
584 2203 594 2217 ,
607 2180 729 2228 nempe
742 2181 1043 2228 praesupponendo,

139 2230 234 2276 quod
257 2229 300 2265 ad
317 2231 455 2277 praesens
473 2238 657 2275 peragatur
679 2229 723 2264 de
742 2229 1037 2277 interpretatione

135 2281 208 2323 ejus
234 2278 360 2314 Statuti
383 2277 494 2313 Curiae
520 2279 719 2312 Mercantiae
742 2277 795 2313 lib.
814 2290 842 2319 3.
861 2277 930 2313 rub.
943 2291 989 2315 ιο.
1007 2280 1043 2315 in

133 2323 204 2374 quo
226 2327 423 2367 decernitur
443 2353 453 2368 ,
473 2326 569 2372 quod
589 2327 936 2363 omnestreditores
957 2328 1043 2364 Ces-

133 2376 274 2411 santium
287 2402 295 2416 ‚
307 2375 360 2413 seu
370 2378 602 2410 Decocaorum
611 2387 813 2412 concurrere
824 2376 972 2412 debeant
982 2389 1043 2424 per

133 2435 177 2459 κς
190 2450 199 2465 ,
212 2429 243 2459 &
271 2425 391 2460 libram
412 2436 476 2472 pro
500 2422 648 2470 ipsorum
670 2423 898 2460 satisfactione
917 2426 952 2460 in
973 2425 1042 2461 bo-

133 2473 186 2507 nis
205 2472 350 2519 ipsorum
368 2473 574 2509 cessantium
592 2496 600 2509 ‚
614 2471 670 2507 seu
690 2475 923 2509 Decoetorurn
936 2499 946 2513 ,
967 2487 1041 2510 om-

134 2518 254 2567 nesque
279 2520 342 2555 fint
364 2523 506 2568 aequales
533 2544 543 2558 ‚
563 2523 665 2564 shlw's
690 2533 792 2555 tamen
822 2522 942 2556 dotibus
971 2547 982 2561 ,
1002 2529 1039 2564 ὠ

99 2587 101 2592 .
132 2567 250 2602 debitis
259 2581 299 2603 ex
312 2573 404 2613 causa
415 2569 526 2603 Tutela
541 2590 551 2605 ,
569 2573 606 2607 ὠ·
622 2571 649 2601 C
652 2580 723 2605 ura,
736 2573 767 2603 in
777 2569 883 2617 quibus
887 2573 1040 2616 servetur

132 2615 191 2664 Jus
204 2624 369 2652 Commune
393 2643 402 2657 ‚
426 2620 458 2651 δε
480 2617 544 2651 hos
566 2616 734 2653 terminos
757 2619 951 2665 percutiunt
964 2623 1036 2656 Rot.

130 2669 356 2715 Florent.penes
364 2665 691 2713 Magon.decifi86.&
705 2669 787 2701 Call.
804 2671 1037 2713 confi133.lib.2.

130 2725 193 2749 nec
206 2726 276 2750 non
289 2714 393 2750 etiam
407 2715 564 2761 exempla
576 2738 585 2752 ,
597 2713 660 2749 five
671 2716 883 2752 extensiones
891 2717 1036 2754 aliarum

128 2773 239 2798 rerum
252 2763 478 2807 judicatarum
491 2762 535 2797 ad
558 2765 714 2797 Montem
729 2765 894 2804 Pietatis,
916 2767 957 2802 ad
970 2766 1035 2802 Fis-

131 2821 222 2849 cum‚
238 2811 281 2846 ad
295 2812 499 2848 Creditores
514 2822 554 2845 ex
568 2810 661 2846 causa
677 2813 800 2848 ultimae
814 2814 1037 2855 infirmitatis,

132 2868 174 2892 ac
184 2858 317 2896 demum
330 2862 372 2896 ad
384 2860 564 2908 pecuniam
578 2872 642 2906 pro
652 2861 875 2908 Captivorum
887 2865 1033 2899 Redem-

97 2917 100 2921 ’
132 2905 250 2951 ptione
257 2908 506 2956 depofitam‚de
516 2908 637 2956 quibus
647 2908 684 2943 fit
696 2912 829 2947 mentio
839 2913 873 2948 in
884 2913 1037 2960 predifila

132 2955 311 2992 Relatione
320 2957 374 2992 sub
387 2961 564 2999 §.Provara
577 2958 707 3004 dunque.

184 3005 229 3038 At
260 3015 324 3040 nos
344 3005 550 3054 ,inquirimus
571 3008 614 3041 de
634 3006 809 3043 intellectu
829 3009 956 3046 Staruti
976 3010 1035 3046 sub

130 3052 238 3086 altera
251 3078 261 3093 ‚
275 3054 444 3101 longeque
460 3055 588 3090 diversa
602 3056 690 3090 rubr.
704 3057 828 3093 2.d.lib.
841 3058 931 3102 3.ubi
945 3061 1035 3095 nulla

82 3115 109 3152 4
136 3098 222 3137 faeta
246 3101 452 3148 exceptione
488 3128 499 3142 ,
531 3104 735 3150 generaliter
773 3107 1032 3150 determinatur,

131 3159 250 3185 omnes
275 3149 497 3189 creditores,
520 3153 602 3187 licet
619 3164 798 3190 renuentes
814 3180 823 3192 ‚
839 3156 1032 3192 detrectare

127 3208 196 3233 non
210 3198 300 3246 posse
324 3196 572 3235 observantiam
594 3201 686 3236 illius
699 3204 892 3239 concordiae
913 3230 922 3244 ,
946 3217 1029 3252 quae,

127 3244 254 3283 servata
264 3246 377 3282 forma
392 3247 519 3283 ibidem
531 3249 694 3295 praefinita
712 3274 720 3288 ‚
738 3253 826 3299 gesta
849 3253 957 3289 fuist’et
970 3266 1031 3301 per

128 3293 324 3332 debitorem
337 3307 414 3331 cum
429 3296 551 3341 majori
571 3308 666 3344 parte
680 3324 691 3339 ‚
702 3298 754 3336 seii
767 3301 876 3337 tribus
888 3315 930 3337 ex
943 3315 1030 3350 qua-

128 3350 206 3379 tuor
227 3343 385 3392 partibus
414 3345 638 3380 Creditorum
664 3372 673 3385 ,
715 3351 747 3383 &
769 3350 811 3384 de
845 3363 909 3398 qua
943 3351 1029 3387 rubr.

126 3393 264 3437 praecise
279 3394 398 3430 traebat
421 3395 536 3440 Demfio
563 3397 622 3429 illa
635 3397 667 3428 in
690 3399 874 3434 Florentina
892 3403 1032 3450 pratensi

125 3441 312 3485 Syndicatus
327 3453 368 3486 ¹3·
380 3445 508 3492 Augusti
521 3449 556 3477 16
561 3453 615 3487 74.
625 3444 798 3491 registrata
811 3459 871 3494 per
895 3453 1025 3484 vrceol.

124 3494 159 3529 in
171 3496 235 3539 ejus
248 3493 337 3527 trac'b.
350 3493 390 3529 de
407 3495 565 3540 ‘Transatl
586 3495 681 3542 quaest.
697 3505 751 3542 34.
770 3508 813 3531 ex
833 3509 956 3534 numero
974 3509 1024 3544 32.

1178 255 1244 276 cum
1255 248 1348 293 seqq.
1364 249 1464 285 Unde*
1472 251 1640 300 quidquid
1654 256 1694 291 fit
1718 254 1753 291 in
1766 261 1924 298 terminis
1940 267 2080 306 alterius

1175 289 1272 345 supra
1283 298 1436 340 exprell'ae
1449 302 1533 335 rubr.
1546 304 1686 348 punffims
1699 303 1762 341 stat
1774 333 1783 347 ,
1800 319 1841 342 an
1865 311 1992 350 limites
2014 318 2077 352 hu-

1174 351 1228 382 Jus
1246 343 1312 375 rub.
1324 345 1584 396 23admittendo
1605 363 1742 400 quoque
1767 365 1883 392 totum
1908 360 1943 394 id
1956 388 1964 401 ,
1980 368 2075 410 quod

1174 386 1326 423 firmatur
1347 403 1380 425 in
1404 395 1541 438 praefata
1564 400 1743 437 Relatione
1757 429 1768 444 ,
1783 405 1945 442 videlicet
1959 433 1967 446 ‚
1982 417 2074 458 qnod

1173 436 1264 472 clara
1282 462 1292 477 ,
1313 442 1344 473 &
1366 443 1545 487 palpabilis
1568 447 1606 482 fir
1628 450 1811 487 destinatio
1836 455 1974 491 Crediti
1996 486 2006 500 ‚
2031 463 2074 497 de

1171 496 1240 531 quo
1264 485 1312 520 est
1333 489 1472 534 quaestio
1496 517 1504 530 ,
1530 493 1564 528 in
1583 499 1712 534 causam
1737 502 1958 551 undequaque
1972 509 2075 553 pijsli-

1169 544 1259 587 mam
1274 558 1284 573 ‚
1300 537 1460 584 quodque
1482 542 1601 577 eadem
1624 550 1722 582 causa
1738 550 1793 584 Pia
1806 575 1816 590 ,
1829 553 1881 586 vel
1894 554 1937 588 ad
1953 556 2072 592 fimili-

1169 581 1323 617 tudinem
1348 585 1444 620 dotis
1463 611 1473 624 ,
1494 592 1546 622 vel
1565 603 1607 625 ex
1619 594 1802 640 vipublicae
1815 600 1978 639 utilitatis
2000 617 2071 643 non

1168 633 1479 677 comprehendatur
1493 636 1548 672 sub
1561 641 1699 676 Statuto
1712 645 1964 685 determinante
1978 665 2066 690 con-

1167 679 1295 732 cursum
1309 693 1368 727 per
1381 695 1441 722 aes,
1459 688 1490 718 &
1512 687 1633 722 libram
1649 715 1658 727 ,
1674 692 1739 726 hoc
1761 693 1865 740 ipsum
1887 699 2073 740 dicendum

1165 738 1278 763 veniat
1291 731 1332 765 ad
1346 731 1557 771 effeetumme
1571 740 1726 774 Mar-chio
1739 742 1850 788 legem
1862 747 2073 788 reductionis

1164 775 1206 809 ab
1221 777 1297 813 aliis
1311 780 1558 819 Creditoribus
1571 784 1732 822 indietam
1746 790 1854 826 subire
1877 801 2069 843 compella-

1163 833 1219 859 tur
1230 850 1240 865 ‚
1253 837 1290 861 ut
1303 827 1459 864 statuitur
1473 831 1507 865 in
1521 833 1638 869 rubra.

1183 920 1189 925 .
1210 874 1326 922 Atque
1341 877 1375 912 in
1385 878 1451 913 hoc
1465 903 1472 915 ‚
1487 880 1521 915 in
1535 894 1605 929 quo
1617 883 1694 919 vere
1708 887 1859 923 consistit
1887 889 2069 930 difficulta-

1162 930 1208 956 tis
1228 926 1363 960 aculeus
1389 951 1399 963 ‚
1420 939 1489 962 non
1516 931 1619 966 video
1645 958 1655 974 ‚
1675 934 1770 980 quod
1784 938 1849 972 ulla
1862 941 2066 984 Authoritas,

1161 972 1215 1004 vel
1229 974 1322 1008 ratio
1342 975 1572 1022 imaginabilia
1585 982 1688 1016 fuerit
1701 983 1846 1020 addutsta
1860 1002 1867 1026 ;
1882 999 1959 1024 nam
1979 991 2068 1028 dato

1160 1020 1266 1073 etiam
1281 1045 1291 1058 ‚
1303 1023 1398 1069 quod
1409 1026 1592 1068 vellemus,
1606 1031 1700 1064 Piam
1716 1033 1847 1068 causam
1864 1038 1953 1073 adeo
1965 1041 2069 1086 privi-

1158 1067 1320 1121 legiatam
1340 1074 1484 1118 reperiri
1509 1100 1520 1113 ,
1542 1086 1580 1111 ut
1604 1078 1660 1113 sub
1683 1082 1771 1115 nulla
1786 1085 1971 1122 Statutaria
1986 1092 2065 1126 San-

1158 1116 1273 1152 &ione
1299 1122 1646 1167 comprehenderetur
1670 1153 1678 1166 ‚
1714 1130 1936 1169 nihilominus
1975 1136 2066 1176 bona

1155 1175 1225 1200 non
1246 1166 1294 1201 est
1309 1171 1552 1218 consequentia
1565 1200 1574 1212 ‚
1591 1188 1675 1222 ergo
1698 1178 1852 1215 Marchio
1876 1193 1944 1217 non
1970 1188 2066 1233 cogi-

1156 1221 1211 1247 tur
1234 1214 1364 1251 servare
1396 1220 1631 1258 reduetiouem
1655 1224 1776 1261 saetam
1803 1230 1972 1266 Abraham
1998 1258 2007 1272 ‚
2031 1241 2064 1271 &

1155 1264 1265 1317 Moysi
1275 1276 1335 1310 per
1349 1277 1500 1305 coeteros
1513 1272 1718 1309 Creditores
1732 1275 1776 1310 de
1792 1277 1996 1317 scut.100.ad
2007 1297 2063 1327 40.

1156 1322 1250 1354 Juxta
1263 1313 1407 1350 formam
1422 1317 1454 1351 d.
1467 1320 1551 1353 rubr.
1567 1334 1594 1357 2.
1606 1323 1684 1368 quia
1701 1323 1844 1371 idipsum
1857 1353 1867 1369 ,
1883 1330 1978 1376 quod
1997 1333 2063 1368 de-

1155 1362 1361 1397 terminatur
1377 1364 1421 1399 ad
1435 1366 1627 1412 hujusmodi
1644 1373 1730 1407 rubr.
1744 1374 1937 1421 disponitur
1957 1382 2064 1418 etiam

1151 1418 1212 1454 per
1233 1410 1296 1455 Jus
1315 1411 1512 1464 'Commune
1543 1441 1552 1454 ,
1577 1419 1733 1465 quinimo
1750 1427 1920 1460 statutum
1945 1428 1979 1463 in
2001 1429 2064 1467 hac

1150 1467 1247 1502 parte
1257 1460 1402 1505 rigidius
1417 1465 1578 1509 procedit
1592 1493 1601 1506 ‚
1615 1479 1691 1502 nam
1705 1480 1782 1503 cum
1798 1473 1915 1516 jubeat
1931 1498 1941 1513 ‚
1957 1479 2062 1514 trium

1149 1506 1297 1559 partium
1309 1510 1530 1548 Creditorum
1541 1514 1819 1563 subscriptionem
1836 1522 1899 1557 else
1917 1527 2064 1563 necessa-

1149 1560 1281 1593 riam,&
1293 1559 1438 1595 ulterius
1447 1561 1670 1599 obtinendam
1679 1568 1750 1600 fore
1761 1567 1963 1606 sententiam
1977 1585 2060 1611 con-

1150 1602 1375 1641 firmatoriam
1389 1609 1508 1656 Magiss
1516 1622 1611 1648 ratus
1628 1637 1636 1650 ‚
1649 1614 1692 1649 de
1706 1616 1787 1661 Jure
1811 1618 1858 1652 est
1872 1644 1882 1657 ,
1896 1622 1989 1667 quod
2003 1624 2063 1659 ab-

1150 1650 1259 1688 solute
1271 1678 1280 1692 ,
1294 1659 1325 1689 δι
1337 1657 1530 1695 indistinete
1545 1662 1659 1706 major
1671 1676 1748 1710 pars
1762 1665 1960 1714 simpliciter
1972 1672 2061 1707 Cre-

1147 1700 1298 1738 ditorum
1312 1709 1586 1744 concurrentium
1599 1712 1634 1745 in
1644 1712 1727 1748 dimi
1732 1716 1936 1758 nuendo‚vel
1949 1719 2057 1756 defal-

1146 1749 1258 1801 cando
1273 1752 1397 1788 debito
1411 1758 1601 1793 communis
1615 1760 1789 1798 debitoris
1799 1766 1923 1801 minori
1937 1771 2055 1815 preju-

1145 1795 1242 1829 dicet
1259 1809 1317 1838 ‚ut
1339 1800 1410 1835 sunt
1424 1803 1525 1838 verba
1544 1806 1709 1844 litteralia
1731 1814 1826 1846 Text.
1841 1817 1907 1849 inl.
1919 1821 2057 1861 &sunm

1146 1845 1269 1886 §.hodie
1280 1846 1360 1892 ffide
1374 1851 1454 1897 past.
1472 1862 1546 1886 cum
1561 1865 1630 1900 quo
1643 1880 1653 1893 ,
1678 1859 1877 1908 coeterisque
1890 1868 2056 1904 concord.

1144 1902 1213 1926 uno
1225 1905 1285 1928 ore
1302 1898 1495 1941 procedunt
1505 1903 1621 1948 Afflzefi.
1635 1904 1732 1950 ἀει-ιβ
1747 1911 1816 1943 288.
1828 1924 1953 1946 numero
1967 1917 2060 1950 LVa-

1142 1941 1218 1979 lafc.
1237 1941 1276 1974 de
1289 1947 1404 1988 privil.
1418 1958 1549 1994 pauper.
1565 1959 1600 1997 p.
1615 1963 1638 1985 1.
1660 1957 1765 1998 quaeff.
1782 1970 1842 2003 44.
1858 1971 1983 1997 numero
1995 1976 2055 2002 111.

1141 1989 1306 2035 eA'picell.
1324 1992 1364 2026 de
1376 2003 1488 2029 tutam.
1497 2007 1629 2047 pauper.
1651 2004 1704 2038 tit.
1726 2015 1754 2047 3.
1777 2005 1815 2040 de
1836 2011 1940 2053 remis?
1957 2011 2054 2049 debit.

1141 2038 1231 2083 usque
1242 2049 1301 2086 per
1313 2052 1440 2076 numero
1450 2056 1494 2088 25.
1511 2049 1613 2094 Pacis.
1625 2048 1664 2082 de
1675 2054 1819 2090 Salvian.
1830 2059 1946 2103 inspec‘l.
1956 2070 2053 2110 3.rap.

1143 2096 1170 2119 2.
1183 2098 1224 2120 ex
1238 2101 1355 2123 numer.
1368 2102 1436 2136 411.
1450 2104 1526 2128 cum
1541 2096 1619 2131 aliis
1629 2099 1728 2145 plene
1748 2105 1903 2141 colle&is
1916 2108 1949 2143 d.
1970 2113 2054 2157 Disc-

1143 2144 1184 2170 11.
1209 2149 1335 2172 numero
1357 2150 1385 2182 3.
1413 2146 1451 2181 (ῥυ
1465 2145 1557 2192 ftqq.
1585 2150 1623 2186 &
1638 2161 1760 2185 numero
1772 2153 1876 2194 9.ubi
1893 2159 2055 2197 maxime,

1142 2184 1281 2230 quando
1302 2186 1418 2241 aditur
1439 2191 1554 2237 Judex
1573 2206 1639 2241 pro
1661 2200 1866 2246 cognitione
1883 2206 2004 2249 causae,
2020 2212 2055 2244 &

1143 2231 1408 2272 confirmatione
1424 2240 1650 2280 reduffionis.

1190 2281 1280 2317 Dum
1293 2283 1401 2339 igitur
1410 2287 1574 2326 habemus
1587 2294 1768 2341 expressum
1781 2297 1816 2332 in
1826 2310 1944 2335 ventre
1954 2299 2053 2349 Juris

1141 2329 1363 2375 Communis,
1379 2338 1475 2382 qnod
1485 2340 1594 2384 major
1603 2354 1682 2388 pars
1693 2344 1916 2383 Creditorum
1929 2353 2053 2395 valeat,

1140 2379 1250 2433 altera
1273 2383 1460 2421 reluctante
1481 2413 1489 2426 ,
1514 2392 1546 2422 δι
1569 2389 1697 2430 invita,
1710 2397 1894 2431 convenire
1906 2398 1949 2433 de
1964 2412 2051 2447 quo-

1138 2436 1175 2461 ta
1197 2439 1232 2462 in
1257 2430 1428 2476 posterum
1442 2435 1610 2473 diminuta
1626 2469 1636 2484 ‚
1657 2453 1810 2478 remanet
1829 2445 2048 2485 solummodo

1138 2478 1415 2530 perpendendum
1435 2507 1447 2522 ,
1472 2496 1513 2519 an
1537 2487 1594 2522 Pia
1613 2488 1708 2525 causa
1725 2492 1841 2539 aliquo
1854 2493 1964 2531 forsan
1978 2499 2048 2544 pri-

1137 2527 1265 2572 vilegio
1276 2530 1406 2581 polleat
1431 2555 1438 2568 ‚
1460 2545 1520 2580 per
1530 2536 1622 2583 quod
1643 2540 1685 2573 ab
1699 2538 1759 2575 ista
1776 2542 2042 2581 determinatio-

1136 2585 1178 2608 ne
1210 2576 1304 2621 Jurrs
1342 2580 1548 2619 Communis
1573 2585 1741 2623 eximatur
1767 2603 1775 2629 3
1800 2594 1832 2624 &
1856 2603 1950 2628 certe
1975 2607 2039 2641 pro

1137 2634 1216 2676 mea
1230 2625 1362 2661 notitia
1386 2628 1526 2666 difficile
1550 2634 1617 2669 erit
1635 2636 1836 2674 adinvenire
1860 2644 2018 2677 Dohiorem
2031 2669 2041 2682 ,

1134 2682 1191 2717 qui
1206 2682 1240 2706 in
1257 2674 1307 2708 his
1319 2677 1460 2721 praecifis
1473 2682 1631 2723 terffiiffl's
1648 2687 1717 2720 tale
1739 2688 1955 2736 privilegium
1978 2691 2041 2726 Piae

1134 2720 1235 2754 causae
1260 2721 1410 2760 tribuere
1437 2732 1647 2775 co2‚rtaverit
1666 2759 1676 2773 ,
1706 2736 1796 2770 unde
1817 2740 1911 2782 juvat
1942 2736 2059 2786 argu-⁸

1133 2778 1252 2806 mento
1263 2773 1355 2808 Text.
1367 2777 1399 2810 in
1419 2777 1441 2810 l.
1449 2779 1482 2823 st
1494 2782 1616 2828 ¹placuit
1630 2787 1670 2819 Ca
1685 2783 1725 2818 de
1746 2786 1855 2820 Iudic.
1873 2791 1910 2825 &-
1923 2789 1955 2820 in
1968 2801 2039 2839 cap.

1085 2826 1105 2860 9
1132 2829 1174 2850 ex
1186 2831 1286 2854 tenore
1300 2821 1405 2870 defor.
1419 2838 1541 2877 compet.
1556 2833 1732 2866 conclama
1748 2844 1822 2867 cum
1842 2836 1919 2869 Rub.
1938 2836 1977 2870 de
1991 2848 2042 2871 te-

1123 2866 1209 2922 stam
1222 2881 1291 2918 cap.
1305 2881 1355 2916 54.
1372 2886 1495 2911 numero
1516 2883 1586 2923 256.
1598 2879 1676 2914 Cam
1688 2881 1800 2915 nullibi
1810 2885 1842 2916 in
1865 2883 1909 2917 his
1928 2889 2038 2920 termi-

1132 2929 1180 2949 ms
1196 2921 1374 2966 reperiatur
1374 2923 1472 2968 favor
1475 2928 1615 2975 scriptus
1631 2930 1690 2963 Pia
1699 2932 1790 2973 causta
1804 2955 1815 2970 ‚
1827 2935 1941 2981 regulis
1951 2936 2036 2970 ordi-

1131 2967 1319 3012 narijsstare
1327 2980 1450 3018 oportet.

1178 3016 1273 3062 Qin
1285 3017 1388 3054 etiam
1401 3046 1413 3061 ‚
1425 3020 1507 3056 licet
1524 3034 1566 3056 ex
1585 3022 1769 3059 abundanti
1790 3051 1802 3067 ,
1823 3029 2036 3069 manifestum

1129 3061 1165 3097 in
1185 3063 1267 3109 Jure
1287 3065 1622 3117 dignoscitur‚quod
1644 3070 1786 3118 ipsamet
1798 3079 1892 3113 causa
1913 3080 2036 3123 Dotis,

1127 3113 1228 3158 quam
1264 3115 1308 3149 de
1346 3127 1478 3152 coetero
1528 3119 1726 3155 litteraliter
1765 3127 1902 3172 excepit
1940 3128 2034 3165 idem

1126 3162 1297 3198 Statutum
1306 3163 1339 3198 in
1351 3165 1441 3200 dieta
1455 3168 1563 3202 altera
1575 3167 1660 3203 rubr.
1680 3180 1725 3204 10.
1738 3171 1796 3207 lib.
1806 3185 1829 3218 3.
1843 3179 1873 3209 δι
1886 3178 1981 3221 cujus
1991 3178 2034 3211 fi-

1127 3209 1358 3246 militudinem
1374 3213 1551 3250 dumtaxat
1563 3214 1704 3253 induere
1727 3223 1833 3265 posset
1859 3225 2029 3259 creditum

1080 3258 1358 3302 10Marchionis‚
1381 3264 1507 3297 nullum
1525 3263 1664 3301 sortitur
1690 3269 1903 3318 privilegium
1918 3297 1928 3309 ‚
1944 3283 2031 3318 quo-

1126 3307 1236 3341 minus
1268 3321 1341 3343 cum
1372 3312 1510 3347 coeteris
1539 3325 1741 3352 concurrere
1779 3320 2028 3365 obstringatur‚

1125 3357 1214 3389 utin
1234 3355 1341 3402 specie
1366 3357 1574 3396 induciarum
1601 3390 1610 3404 ‚
1643 3365 1694 3398 vel
1717 3365 1899 3401 dilationis
1926 3368 2028 3415 quin-

1124 3405 1301 3449 quennalis
1324 3409 1479 3455 Maufim.
1500 3411 1538 3445 de
1552 3414 1636 3457 caus?
1660 3428 1746 3448 exec.
1764 3417 1858 3450 limis.
1872 3421 1907 3451 6.
1923 3429 2028 3452 nume-

1123 3465 1156 3485 ro
1174 3461 1222 3494 73.
1252 3457 1400 3491 Merlin.
1421 3459 1460 3494 de
1486 3462 1606 3509 ptgnor.
1632 3461 1686 3495 lib.
1713 3477 1744 3503 4.
1762 3464 1857 3510 quaest.
1883 3471 1947 3507 136.
1968 3480 2027 3500 nu-

1122 3513 1201 3536 mero
1223 3513 1270 3548 14.
1301 3506 1429 3542 Carolus
1448 3510 1604 3544 Antonius
1617 3514 1667 3545 Dc
1694 3515 1777 3545 Luca
1800 3514 1844 3548 ad
1876 3517 2024 3548 Gratian.

1673 3558 1698 3592 E
1750 3572 1766 3593 2
1902 3561 2026 3611 discept.
