2293 3856
229 142 341 229 De
363 146 802 228 Commercio
829 160 896 225 δε
911 147 1301 230 Mercatura
1325 149 1658 239 Discursus
1691 163 1896 249 XXI.

114 251 162 302 Et
184 259 232 301 de
252 261 539 314 reduplicatione
566 260 798 314 personarum
824 263 880 303 M.
893 265 1056 317 Magistri

109 316 274 359 Meliten.
289 317 334 356 ad
346 320 685 371 interpretationem
695 319 832 360 Indulti
844 319 950 375 supet
962 334 1053 362 con-

107 375 304 415 tributione
313 376 416 415 Cleri
432 377 522 414 illius
534 372 669 416 Insulae.

315 467 836 516 vaMARtvM‘.

101 559 118 587 1
143 548 346 594 Fastiseries.
760 603 765 609 Ι
902 605 905 612 A

101 611 121 635 2
147 597 309 643 fidejuffio
328 597 465 644 restrit‘la
480 599 524 634 ad
539 612 633 635 unam
649 614 724 640 rem,
738 604 865 637 titulum
877 627 887 640 ‚
897 603 953 637 vel
965 613 1045 636 cau-

180 649 255 691 sam
264 674 271 687 ,
287 661 343 684 non
349 648 441 697 potest
452 649 604 688 extendi,
618 655 654 689 &
671 662 783 693 num-9.
797 656 835 690 &-
848 663 891 691 25.
989 701 994 707 ι

96 707 115 742 3
140 697 246 742 Officii
261 701 380 732 ratione
391 698 511 744 quando
536 701 600 746 quis
614 700 744 735 dicatur
756 701 854 734 aslum
867 700 1042 745 exneuffl,

186 747 348 794 velpotit'ts
361 749 474 781 nomine
482 749 625 796 privato,
638 748 800 798 distingue,
816 754 852 788 ὠ
866 759 929 792 n.4.
947 799 951 804 .
978 799 984 804 .

93 804 111 840 ς
142 793 253 828 verba
263 794 453 840 universalia
464 798 559 830 etiam
573 797 796 844 infidejuffione
809 810 865 833 non
885 808 1041 847 rectptunt

184 842 406 886 restrictionem.
836 895 841 900 1

92 895 118 927 6
138 892 274 926 Milites
287 895 328 926 H
330 893 564 936 ierosolymitani
575 905 648 940 quot
665 893 758 929 modu
770 893 922 928 debztores
934 904 1038 927 rema-

177 951 248 973 nere
256 941 363 989 peffint
375 934 516 978 eAE'rarii
531 941 670 988 adfinem
681 945 875 992 capacitatis,
884 944 938 977 vet
946 945 1035 976 inca-

171 991 323 1037 pacitatis
338 992 609 1024 Commendarum.
903 1042 908 1048 ³

85 1042 110 1084 7
130 1041 174 1073 In
185 1038 399 1083 Fidejuffionis
410 1041 546 1073 materia
567 1037 765 1088 prema-nimi
783 1038 960 1075 attenditur
975 1050 1036 1074 ve-

176 1088 315 1132 rafimilis
332 1090 463 1122 intentio
478 1091 642 1123 Panium.

85 1137 105 1170 8
131 1136 294 1181 fidejussio
311 1136 387 1170 data
397 1135 440 1169 ad
454 1137 634 1173 commodum
657 1138 749 1171 unius
767 1138 894 1185 perfinae
906 1148 965 1177 non
978 1148 1034 1172 ex-

174 1185 314 1219 tenditur
325 1186 370 1220 ad
383 1188 489 1219 aliam.

82 1243 105 1277 9
127 1232 288 1278 F1dejuffi0
291 1233 472 1280 stricitffi'me'
484 1232 574 1267 debet
590 1235 792 1284 interpretari
806 1258 814 1272 ,
831 1236 868 1272 ὠ·
877 1247 908 1268 n.
922 1243 967 1277 25.

81 1289 119 1318 10
145 1282 172 1314 F
174 1281 308 1326 idey'uffio
332 1297 388 1318 non
401 1281 524 1332 prodest
534 1294 590 1316 non
608 1286 769 1320 nominato,
792 1283 914 1329 etiamsi
921 1281 1033 1319 habeat

169 1332 268 1364 tmere
293 1342 320 1364 e.

105 1332 342 1428 Exemplugde
359 1377 474 1412 herede
478 1379 639 1426 putativo,
664 1379 720 1423 qui
731 1378 765 1423 fi
774 1377 836 1426 fibi
838 1377 1010 1430 stipuletur
1019 1404 1033 1422 ,

167 1439 226 1461 non
237 1425 358 1475 prodest
373 1439 446 1461 vero
461 1426 570 1460 heredi
578 1423 675 1466 ,ibid.
845 1478 850 1483 η

73 1484 108 1510 11
132 1477 189 1510 ‘De
213 1475 334 1510 indulto
355 1475 478 1521 conceffio
505 1472 566 1509 M.
582 1476 635 1509 M
635 1474 743 1524 agrstro
759 1479 808 1510 M
809 1477 928 1535 estiensi
935 1478 1032 1525 super

160 1525 384 1561 contributione
400 1525 493 1559 Cleri
502 1525 535 1556 in
547 1528 771 1573 reparationem
784 1531 936 1561 szttatts
950 1527 1031 1561 Val-

180 1578 211 1605 et
225 1586 255 1607 ι.

76 1625 112 1655 12.
133 1573 181 1654 Iri
196 1584 259 1656 liti.
277 1620 437 1667 Magistro
462 1621 627 1667 Religionis
642 1624 929 1669 Hierosolymitanae
953 1635 1030 1669 qua-

166 1681 238 1702 nam
250 1670 342 1703 detur
354 1669 556 1716 reduplicatio
571 1671 773 1718 personarum
796 1674 915 1707 ratione
929 1674 1028 1708 Prin-

163 1720 281 1765 ‘cipatus
293 1719 402 1761 Insula
416 1719 466 1751 M
469 1719 572 1752 eliteni
806 1767 812 1774 ⁸
1007 1771 1014 1778 .

72 1773 106 1808 ¹3
131 1766 328 1803 Intitulatio,
340 1769 377 1805 ὠ·
389 1768 519 1800 retentio
533 1767 686 1800 librorum
695 1766 767 1819 fifit
775 1765 1029 1815 doversa‚argutt

161 1814 374 1860 diverfitatem
388 1816 621 1861 negotiationis,
628 1815 687 1856 seu
696 1816 866 1847 Socletatl-s.
1021 1864 1027 1872 .

73 1870 115 1905 14
138 1865 276 1900 Domino,
288 1864 325 1900 (ἐν
336 1863 507 1908 Superioris
515 1863 647 1909 figuram
654 1861 764 1908 facere
778 1861 939 1909 nonpotest
949 1885 960 1900 ,
972 1876 1028 1911 qm

169 1910 337 1945 contribuit
349 1921 496 1956 tanquam
505 1911 527 1943 S
531 1909 668 1944 abditus.

1 1942 2 1979 i
69 1966 104 2001 15
127 1958 262 1994 Gabella
274 1970 332 1994 non
347 1960 486 2004 ftlvitstr
500 1968 562 2007 per
588 1959 765 2008 Principem
773 1977 785 1998 ⁵
791 1958 851 2002 seu
862 1958 1027 1994 locatorem

159 2009 292 2053 ejusdem
303 2005 448 2043 Gabellae.
752 2019 754 2021 ’
892 2057 898 2063 ι

88 2056 246 2105 υίηιρίία
264 2059 298 2091 in
316 2058 369 2090 M
371 2052 509 2091 ero-ibus,
532 2065 595 2101 qua
615 2053 774 2089 vehamur
794 2053 838 2089 ad
859 2057 1024 2102 Fufi-unu,

67 2156 107 2197 17
127 2108 511 2194 Rgtuibmaigninistratlonis
534 2149 626 2186 debet
639 2150 677 2186 iis
685 2150 790 2198 solum
810 2150 929 2193 reddi,
942 2165 1021 2202 quo·-

155 2216 222 2237 rum
230 2217 279 2237 res
283 2203 415 2250 fuerunt
430 2198 657 2245 administrate.

67 2248 105 2284 18
133 2252 162 2284 F
163 2250 302 2298 idejuffbr
313 2259 457 2300 opponere
470 2249 565 2295 potest
577 2250 786 2299 exceptionem
796 2250 1017 2300 cedendarum.

66 2307 108 2342 19
133 2302 309 2349 Praeponens
321 2323 330 2338 ,
352 2303 390 2338 ὠ
396 2297 582 2343 fitbstituens
595 2299 719 2348 quando
728 2311 873 2336 teneatur
887 2298 926 2335 de
932 2302 1020 2348 saffo

155 2350 307 2398 Praepofiti
317 2371 327 2386 ‚
340 2350 377 2388 ὠ
387 2347 557 2394 substituti.
776 2399 782 2406 .
875 2399 882 2406 ·

65 2402 106 2429 20
133 2399 314 2446 ‘Prapofitus
343 2396 386 2431 ad
422 2408 538 2432 certum
559 2408 656 2445 genus
678 2400 898 2447 negociatioms
923 2419 935 2435 ‚
964 2401 1019 2433 vel

147 2449 244 2481 Artis
252 2458 310 2480 non
319 2445 436 2494 obligat
444 2449 666 2496 Proponentem
673 2448 760 2482 ultra
769 2449 860 2483 illam
871 2449 1016 2495 negocia-

151 2492 274 2530 tionem,
287 2497 341 2528 vel
353 2499 481 2530 Artem.

61 2546 99 2573 21
127 2539 315 2588 preponens,
325 2544 380 2575 vel
390 2544 540 2577 Dominus
554 2553 612 2575 non
621 2541 716 2589 potest
728 2554 818 2590 agere
827 2554 936 2577 contra
935 2541 1013 2590 fide-

148 2590 269 2634 juſjores
276 2591 330 2636 sui
343 2592 487 2639 Capserii
494 2614 504 2628 ,
518 2591 574 2622 vel
582 2589 859 2636 Administratoris
870 2613 880 2629 ,
894 2593 948 2640 ng‘fi
956 2604 1014 2640 pa-

150 2640 250 2673 tiatur
260 2638 409 2673 damnum
423 2651 463 2672 ex
473 2639 561 2672 illius
573 2640 672 2686 culpa.
970 2690 976 2696 ⁶

58 2692 98 2720 22
122 2686 290 2734 Fideluffor
302 2685 425 2734 publici
441 2686 595 2734 Officialis
617 2690 663 2720 esi
669 2687 773 2737 potius
785 2688 943 2724 relevator
963 2701 1014 2723 tn-

149 2735 343 2774 domnitatis,
355 2734 449 2784 qnam
456 2735 627 2781 fidejuffir.
723 2786 730 2794 ι

58 2791 96 2824 ²3
119 2783 177 2818 Pro
188 2789 212 2820 F
213 2785 376 2831 idejussore
386 2788 418 2820 in
430 2784 521 2819 dubio
533 2785 573 2828 est
581 2783 859 2833 pronunciandum.

59 2837 106 2874 24
129 2832 340 2878 Fidejuffiom's
357 2834 459 2870 verba
473 2831 525 2868 nbi
533 2834 606 2879 sunt
616 2837 707 2869 clara
717 2858 727 2874 ,
741 2846 797 2867 non
811 2832 852 2875 est
871 2845 1008 2880 quaren-

147 2879 218 2917 dum
229 2882 267 2916 de
277 2885 345 2918 alia
360 2884 529 2918 intentione
542 2885 695 2924 partiam,
706 2887 743 2922 (ῤ’
756 2896 786 2915 n.
799 2892 844 2925 25.
931 2931 936 2939 ,

58 2930 103 2961 26
125 2928 370 2974 Administrator
392 2932 625 2979 vnivevfitatis
644 2932 800 2968 conveniri
809 2930 902 2982 potest
920 2933 1007 2979 afim

140 2979 227 3027 gulis
240 2978 278 3013 de
289 2981 502 3027 Vniverfitate.

205 3077 666 3119 DISCURSUS
724 3077 871 3118 XXI.

209 3171 279 3208 Um
294 3170 340 3207 ad
363 3181 518 3207 normam
540 3171 633 3208 illius
646 3170 838 3219 Apostolici
854 3171 1004 3227 Indulti,

57 3233 72 3266 j
101 3168 196 3268 C
209 3219 253 3256 de
265 3232 334 3268 quo
356 3220 524 3267 signanter
532 3219 710 3256 occafione
730 3222 880 3258 recursus
894 3221 1005 3257 habiti

103 3279 146 3302 ex
164 3279 261 3316 parte
279 3269 375 3306 Cleri
404 3268 604 3304 Melevitaui
627 3268 672 3304 ad
685 3269 1005 3319 Congregationem

101 3317 332 3354 Immunitatis
344 3317 434 3354 late,
447 3319 477 3350 &
502 3317 724 3363 punaualiter
736 3317 807 3365 agit
831 3318 932 3354 Card.
949 3323 1002 3355 De

101 3369 191 3400 Luca
205 3369 239 3402 in
247 3365 382 3402 Theatr.
396 3365 452 3402 lib.
466 3377 515 3410 14.
531 3368 670 3412 Miscell.
682 3366 799 3411 Eccles.
811 3367 926 3413 alifi-,4
937 3367 1003 3402 de-

124 3414 241 3450 utandi
255 3413 358 3451 elsent
382 3427 440 3465 per
462 3416 510 3450 M.
526 3414 722 3462 Magistrum
738 3419 786 3451 ,δι
800 3417 979 3472 Praelatum
990 3442 1002 3458 ,

85 3424 333 3510 {nqrrifitorem
355 3463 502 3510 ejusdem
520 3463 632 3499 Insulae
659 3474 736 3518 cum
752 3463 928 3520 assistentia
940 3465 1002 3510 Ju-

95 3513 298 3553 ratorum,&
309 3513 566 3561 Deputatorum
576 3511 788 3553 Civitatis,&
801 3515 938 3562 rehquae
947 3513 1003 3550 ln-

1163 257 1235 294 sulae
1247 270 1348 303 unm,
1364 268 1416 302 vel
1437 269 1563 315 plures,
1575 273 1678 319 quiin
1689 275 1882 320 particulari
1897 282 1987 320 libro
2001 288 2063 322 ad-

1160 316 1324 362 notarent
1343 316 1508 363 quidquid
1528 322 1664 357 ratione
1686 325 1840 361 Gabellae
1859 330 1982 367 exsolvi
1999 360 2007 375 ‚
2028 340 2062 370 ὃς

1157 355 1340 403 tespefflve
1357 363 1508 415 obtineri
1522 370 1740 418 contingeret
1752 397 1762 411 ‚
1776 374 1888 412 donec
1912 382 2061 419 conflata

1155 413 1352 441 remaneret
1374 417 1551 460 integralis
1570 418 1694 455 summa
1710 421 1878 460 scutorum
1901 439 1970 465 100.
1990 432 2058 466 mil-

1154 453 1252 489 unice
1265 453 1435 493 destinata
1446 473 1510 507 pro
1527 467 1772 508 construetione
1787 473 1958 510 fortalitii
1977 503 1987 518 ,
2001 479 2057 515 seu

1152 502 1449 542 Munimentorum
1476 513 1628 556 ejusdem
1655 517 1820 556 Civitatis
1854 525 1957 571 vulgo
1980 529 2054 562 Val-

1151 552 1247 591 lettae,
1264 557 1301 592 ά·
1319 554 1483 602 Victorioſsz
1503 571 1510 595 ;
1536 570 1635 608 atque
1649 565 1782 602 idcirco
1795 570 1974 608 extiterint
1994 586 2056 622 pe-

1151 599 1296 636 culiares
1311 603 1414 640 Cives
1427 609 1592 649 praeffleffi
1621 611 1655 646 in
1669 615 1850 653 Exanres
1863 620 1964 666 ipsius
1985 625 2056 659 Ta-

1148 658 1197 681 xae
1208 674 1216 687 ,
1234 650 1285 684 seu
1299 651 1448 688 Gabellae
1460 679 1469 692 ,
1484 655 1603 704 istique
1622 662 1782 705 pecunias
1807 667 1930 704 exinde
1946 681 2056 708 retra.

1148 696 1216 731 &as
1229 698 1359 745 deponi
1373 726 1382 740 ‚
1396 705 1426 736 &
1440 704 1597 740 asservari
1609 708 1822 746 mandaverit
1842 717 1946 760 penes
1959 720 2054 757 illum

1147 745 1303 792 Equitem
1321 774 1333 789 ,
1355 750 1411 796 qui
1426 754 1561 788 titulum
1576 779 1586 792 ,
1606 759 1637 790 &
1652 757 1807 793 Officium
1821 763 2054 804 Conservato-

1145 792 1193 828 ris
1204 795 1451 835 Conventualis
1466 803 1588 838 AErarii
1605 805 1798 852 Religionis
1811 816 1874 856 pro
1897 821 2055 862 tempore

1143 843 1328 881 exercebat
1341 861 1349 880 :
1364 848 1454 883 casus
1464 851 1606 896 praebuit
1618 879 1628 894 ,
1650 855 1744 901 quod
1766 857 1925 897 subeunte
1937 865 2052 909 huJ'us-

1145 891 1244 928 modi
1263 906 1380 930 munus
1401 897 1711 939 Commendatario
1730 906 1904 943 Gerlanda
1919 934 1928 948 ‚
1940 910 1968 946 is
1989 913 2053 947 ad-

1145 940 1236 976 versa
1247 945 1437 979 valetudine
1453 946 1649 995 impellente
1659 955 1796 990 coaetus
1813 955 1877 991 fuit
1899 960 1917 995 a
1931 961 2054 1006 praedi-

1143 988 1196 1023 &a
1220 990 1326 1027 Insula
1340 994 1511 1030 recedere.
1534 999 1663 1035 Verum
1676 1003 1756 1048 quia
1770 1016 1838 1040 non
1851 1006 1960 1043 adhuc
1982 1009 2053 1056 ipse

1143 1038 1294 1075 calculos
1305 1041 1402 1088 gestae
1411 1043 1715 1085 administrationis
1727 1077 1737 1089 ,
1749 1051 1804 1087 seu
1817 1054 2051 1093 Conservato-

1142 1085 1198 1119 riae
1215 1087 1430 1136 dispunxerat
1449 1120 1458 1134 ,
1481 1097 1639 1142 oportuit
1653 1122 1662 1138 ‚
1683 1100 1778 1147 quod
1791 1113 1854 1148 pro
1868 1102 2051 1142 securitate

1140 1134 1321 1172 reddendae
1334 1140 1482 1177 rationis
1505 1144 1599 1179 idem
1613 1147 1942 1188 commendatarius
1953 1155 2046 1190 exhi-

1139 1181 1238 1220 beret
1261 1185 1471 1232 fidejussores
1483 1215 1492 1229 ‚
1511 1194 1570 1240 qui
1586 1194 1663 1229 cum
1679 1196 1732 1231 sub
1751 1199 1813 1234 hac
1831 1201 1964 1246 praecisa
1982 1202 2051 1239 for-

1139 1234 1230 1268 mula
1251 1233 1316 1269 sese
1343 1236 1583 1279 obstrinxerint
1599 1266 1609 1281 ‚
1628 1248 1699 1280 ‘Pro
1711 1250 1754 1281 D.
1774 1251 2050 1288 commendatario

1136 1284 1192 1316 Fr.
1215 1285 1338 1332 Aloyfio
1373 1290 1537 1325 Gerlanda
1565 1294 1790 1338 Conftrvatore
1813 1302 2050 1340 conventuali,

1137 1333 1258 1378 ejusque
1267 1335 1414 1381 precibus
1436 1348 1509 1385 erga
1535 1341 1608 1375 DD.
1623 1345 1842 1380 Procuratores
1865 1352 2049 1385 Communis

1135 1380 1282 1414 eAErarii
1295 1385 1467 1420 S.R.H.de
1481 1389 1526 1420 eis
1525 1391 1677 1432 solvendo
1689 1405 1783 1428 totam
1798 1397 1887 1431 illam
1891 1401 2047 1445 pecunia-

1136 1437 1207 1460 rum
1213 1431 1378 1474 stammam,
1390 1436 1422 1468 in
1435 1437 1622 1484 quafortaffi:
1631 1439 1719 1474 datis
1730 1447 1878 1492 computis
1891 1444 1926 1479 de
1941 1448 2046 1483 admi-

1135 1477 1320 1520 nistratione,
1331 1493 1392 1530 per
1415 1485 1543 1520 eundem
1564 1490 1607 1524 D.
1625 1490 1817 1526 Gerlandam
1839 1497 2047 1539 conservato-

1134 1535 1199 1558 rem
1209 1551 1219 1566 ,
1238 1528 1376 1578 utfitprd
1390 1531 1491 1578 ‚fabia
1516 1539 1698 1583 apparuerit
1711 1552 1806 1573 verus
1818 1539 1941 1576 debitor
1954 1544 2046 1590 ‚fide—

1133 1575 1291 1619 iuſjerunt,
1308 1581 1382 1623 &fi
1402 1579 1577 1630 obligarunt
1589 1586 1664 1619 DDj
1677 1590 1727 1621 Io.
1739 1589 1875 1636 Baptista
1892 1593 1993 1629 Vella,
2007 1597 2046 1633 ά·

1133 1626 1316 1672 Franciscus
1335 1630 1443 1664 Dorel.
1483 1631 1610 1667 Exorta
1631 1636 1776 1681 proinde
1791 1637 1837 1672 est
1855 1639 2046 1678 dubitatio.

1133 1669 1248 1707 utrum
1270 1675 1398 1722 praefati
1421 1676 1629 1724 fidejussores
1655 1683 1772 1730 vigore
1787 1686 1884 1732 hujus
1907 1689 2044 1736 obliga-

1131 1719 1242 1756 tionis
1256 1732 1436 1761 teneantur
1461 1728 1586 1764 nedum
1609 1742 1673 1777 pro
1685 1733 1853 1782 reliquatn
1867 1748 1950 1772 verae
1975 1761 1984 1776 2
2009 1742 2042 1773 &

1131 1769 1279 1814 propriae
1289 1772 1606 1812 Administrationis
1621 1780 1892 1819 Conservatoriae
1904 1787 1973 1830 jam
1983 1798 2045 1833 per

1133 1813 1226 1860 ipsos
1239 1815 1275 1852 in
1295 1820 1389 1865 gravi
1410 1822 1536 1858 summa
1550 1826 1730 1864 exbursato
1743 1855 1754 1872 ‚
1779 1830 1836 1866 sed
1850 1834 1955 1869 etiam
1979 1847 2044 1881 pro

1132 1864 1306 1915 pecuniis,
1330 1866 1473 1917 utsupra
1487 1897 1496 1910 ‚
1524 1872 1546 1909 ὲ
1562 1885 1754 1914 memorata
1769 1879 1909 1917 Gabella
1921 1894 2043 1930 prove-

1132 1912 1309 1965 mentibus
1328 1939 1340 1954 ,
1359 1921 1390 1952 δι
1413 1919 1458 1954 ad
1471 1931 1590 1957 manus
1605 1924 1753 1968 ejusdem
1773 1931 1950 1966 Gerlandae
1965 1944 2044 1980 per-

1133 1967 1257 1995 ventis·

1176 2006 1426 2047 Difficulratem
1447 2024 1517 2049 non
1540 2015 1650 2052 levem
1676 2019 1831 2057 excitare
1861 2023 2042 2063 videbatur

1128 2053 1286 2093 adversus
1310 2057 1519 2105 fidejussores
1542 2076 1612 2101 non
1635 2067 1748 2104 minus
1773 2070 1877 2108 verba
1903 2073 2044 2120 fidejus-

1128 2101 1231 2140 fiunis
1251 2108 1400 2154 superius
1427 2113 1592 2149 recensita
1605 2140 1614 2155 ‚
1633 2118 1736 2163 quam
1754 2119 1860 2157 nimia
1877 2122 2042 2160 verifimi-

1127 2150 1244 2189 litudo
1256 2155 1463 2195 intentionis
1484 2159 1715 2209 stipulantium
1731 2182 1741 2208 3
1758 2169 1937 2216 Quatenus
1950 2174 2043 2210 enim

1126 2202 1279 2247 pertinet
1299 2205 1343 2240 ad
1362 2209 1464 2244 verba
1486 2239 1496 2254 ,
1515 2213 1633 2260 utique
1655 2218 1674 2258 (
1687 2214 1846 2253 dicebam
1859 2223 1880 2264 )
1896 2222 2041 2264 constat,

1126 2251 1222 2297 quod
1232 2252 1405 2301 obligatio
1418 2256 1644 2304 fidejussorum
1661 2265 1834 2302 coarnara
1853 2266 1901 2302 est
1919 2269 1964 2305 ad
1979 2270 2040 2306 ad-

1125 2298 1414 2340 ministrationem
1437 2308 1563 2354 gestam
1583 2322 1644 2357 per
1655 2312 1869 2350 Gerlandam
1884 2318 1934 2352 uti
1947 2320 2040 2355 Con-

1124 2345 1331 2387 servatorem
1345 2352 1616 2393 conventualem
1631 2359 1825 2407 Religionis
1844 2378 1853 2404 ς
1876 2366 1943 2402 Sed
1954 2379 2038 2414 pun-

1125 2396 1198 2432 ctus
1213 2398 1277 2436 stat
1287 2426 1297 2441 ‚
1312 2411 1423 2438 utrum
1437 2403 1594 2451 praefatas
1605 2410 1770 2455 pecunias
1781 2411 1849 2459 ipse
1864 2414 2038 2463 receperit

1123 2451 1285 2494 tanquam
1300 2450 1546 2493 conservator,
1566 2457 1646 2504 quia
1670 2458 1729 2493 nifi
1750 2472 1792 2494 ex
1806 2461 1868 2497 hac
1893 2464 2037 2510 persona

1121 2494 1383 2534 Conservatoris
1401 2503 1563 2548 pecunias
1576 2527 1587 2544 ,
1601 2505 1778 2553 dequibus
1794 2511 1926 2558 agitur,
1936 2525 2037 2550 rece-

1121 2542 1237 2590 piffet,
1253 2545 1484 2586 indubitatum
1505 2550 1596 2588 foret
1619 2578 1630 2594 ,
1651 2555 1861 2602 fidejussores
1882 2561 1926 2596 ad
1949 2562 2032 2598 solu-

1119 2591 1252 2628 tionem
1268 2597 1382 2642 urgeri
1399 2609 1470 2634 non
1489 2600 1581 2647 posse
1594 2625 1603 2640 ‚
1628 2616 1671 2638 ex
1693 2606 1804 2653 paffim
1827 2611 2031 2647 canonizata

1121 2643 1393 2689 propositione,
1412 2649 1506 2695 quod
1518 2648 1682 2696 fidejuffio
1698 2653 1849 2692 restrieia
1869 2658 1912 2693 ad
1931 2670 2031 2696 unam

1119 2700 1191 2724 rem
1204 2716 1214 2731 ‚
1227 2691 1368 2728 titulum
1384 2716 1395 2736 ,
1416 2699 1468 2731 vel
1483 2699 1613 2735 causam
1630 2727 1640 2742 ‚
1654 2701 1698 2737 ad
1720 2701 1821 2740 aliam
1843 2706 2007 2742 diversam
2018 2731 2030 2746 ‚

1118 2740 1151 2772 δι
1164 2736 1350 2786 separatam
1366 2746 1508 2781 extendi
1531 2750 1650 2796 nequit
1663 2777 1671 2789 ‚
1687 2763 1729 2786 ex
1740 2754 1837 2799 plene
1849 2756 2028 2792 cumulatis

1119 2798 1182 2834 per
1193 2792 1312 2825 Mant.
1321 2790 1356 2826 de
1370 2795 1462 2829 tacit.
1472 2796 1529 2831 lib.
1543 2806 1595 2832 16.
1605 2802 1655 2833 tit.
1671 2812 1720 2845 ¹4·
1732 2805 1890 2846 numus-&⁴
1900 2816 1922 2847 ς.
1941 2808 2028 2839 Don-

1117 2836 1171 2870 dae.
1186 2842 1314 2885 consult.
1326 2853 1386 2884 44.
1398 2855 1479 2878 num.
1492 2854 1519 2888 3.
1538 2849 1565 2879 C
1566 2858 1644 2883 ontr.
1657 2847 1782 2895 diftept.
1797 2861 1825 2883 2.
1834 2863 1917 2886 nu.1.
1928 2856 1965 2892 &³
1983 2864 2026 2897 13.

1117 2886 1253 2932 Rodoer.
1271 2889 1316 2923 ad
1328 2892 1377 2924 De
1388 2894 1523 2928 Marin.
1541 2906 1610 2943 cap.
1623 2907 1687 2940 139.
1700 2909 1782 2931 num.
1797 2902 1831 2932 6.
1842 2898 1897 2935 lib.
1910 2913 1935 2936 1.
1948 2904 2026 2937 No-

1108 2939 1231 2982 guerol.
1249 2941 1342 2987 alleg.
1358 2950 1400 2983 15.
1418 2953 1498 2977 num.
1511 2953 1555 2986 13.
1575 2947 1696 2979 Maur.
1715 2944 1754 2978 de
1767 2946 1899 2994 fidejuffl
1910 2961 1985 2999 par.
1996 2964 2024 2987 2.

1109 2986 1212 3032 princ.
1216 2987 1291 3029 fiet.
1304 3000 1329 3031 5.
1346 2999 1415 3036 cap.
1431 3002 1457 3023 2.
1480 3004 1521 3026 ex
1534 3005 1656 3027 numero
1669 3003 1724 3037 34.
1742 3007 1813 3029 cum
1824 3000 1916 3045 seqq.
1939 3001 2026 3034 Rau-

1115 3031 1186 3067 den.
1207 3035 1304 3082 dects
1326 3038 1428 3080 Pisan.
1446 3050 1479 3083 4.
1496 3054 1575 3075 num.
1598 3046 1662 3084 156.
1676 3054 1743 3076 cum
1754 3046 1843 3091 s'eqq.
1868 3047 2024 3085 latissime

1112 3083 1283 3129 Salgadjn
1294 3082 1395 3132 laebyr.
1401 3096 1472 3134 par.
1486 3099 1509 3121 1.
1520 3100 1589 3135 cap.
1599 3099 1631 3131 9.
1643 3104 1723 3125 num.
1733 3096 1790 3137 76.
1803 3098 1840 3133 ῥ’
1846 3098 1923 3143 seqq
1943 3102 2022 3134 Rota

1112 3139 1217 3166 coram
1228 3133 1313 3169 Bich.
1323 3134 1417 3179 dect-‘st
1433 3140 1513 3179 646.
1526 3149 1608 3171 num.
1621 3150 1667 3173 12.
1680 3143 1718 3178 ὠ
1741 3151 1780 3183 ¹3-
1799 3147 1835 3182 ὠ*
1851 3144 1946 3190 decis
1954 3151 2019 3180 161.

1111 3191 1225 3224 num.5.
1232 3193 1303 3227 par.
1317 3193 1366 3227 14·
1379 3188 1416 3221 (θ’
1425 3196 1529 3220 coram
1543 3187 1824 3237 Peutt'nger.dec1fi
1830 3202 1891 3235 157.
1901 3207 1980 3228 num.
1995 3204 2019 3227 1.

1110 3226 1149 3264 ό·
1162 3239 1189 3261 2.
1207 3233 1244 3268 ὠ·
1261 3232 1294 3264 in
1309 3234 1474 3267 Bononien.
1492 3236 1604 3280 Census
1626 3247 1668 3271 ι..
1685 3239 1866 3274 Decembris
1886 3244 1970 3276 1681.
1985 3243 2017 3284 §.

1107 3280 1182 3326 Q⁰
1191 3276 1264 3312 vera
1279 3279 1324 3312 ad
1332 3280 1513 3322 ficundam,
1531 3284 1710 3329 confirmata
1725 3292 1771 3321 16.
1785 3291 1916 3322 Martii
1924 3291 2016 3325 1682.

1108 3327 1143 3368 §.
1156 3337 1184 3358 2.
1204 3339 1306 3361 coram
1328 3329 1430 3364 Card.
1443 3331 1607 3366 Matthaeio
1618 3359 1628 3374 ‚
1641 3339 1676 3374 ὠν
1690 3337 1723 3368 in
1746 3339 1775 3369 E
1778 3336 1908 3383 agubina
1922 3341 2017 3373 Pecu-

1108 3375 1214 3409 niaria
1228 3377 1278 3409 28.
1291 3378 1421 3413 Ianuar.
1431 3379 1524 3415 1686.
1538 3382 1598 3427 sub
1612 3384 1645 3425 §.
1658 3386 1776 3430 Neque
1787 3381 1881 3426 obstat
1894 3398 2016 3423 ,coram

1106 3423 1228 3457 Ram.
1242 3425 1423 3470 Benincasa-

1151 3470 1196 3503 At
1222 3471 1317 3518 quod
1345 3473 1534 3518 hujusmodi
1566 3477 1726 3524 pecunias
1761 3478 1942 3528 susceperit
1963 3481 2014 3517 uti

1102 3516 1336 3557 Conservator
1346 3548 1358 3564 ,
1370 3521 1450 3560 satis
1463 3535 1627 3573 apparete
1644 3525 1852 3609 dignoscitur
1863 3553 1875 3570 ,
1889 3542 1929 3564 ex
1943 3541 2013 3613 qltqo

1756 3587 1782 3622 4
1918 3589 1962 3614 nu
1990 3589 2011 3616 a

1974 189 2070 273 79
